@online{techtarget20,
  title = {internet of things (IoT)},
  organization = {TechTarget},
  date = {2020},
  urldate = {2020-04-02},
  url = {https://internetofthingsagenda.techtarget.com/definition/Internet-of-Things-IoT}
}

@online{erricson17,
  title = {5G and IoT: Ushering in a new era},
  organization = {Ericsson},
  date = {2017},
  urldate = {2020-04-02},
  url = {https://www.ericsson.com/en/about-us/company-facts/ericsson-worldwide/india/authored-articles/5g-and-iot-ushering-in-a-new-era}
}

@online{dflair18,
  title = {How IoT Works â€“ 4 Main Components of IoT System},
  organization = {Data Flair},
  date = {2018},
  urldate = {2020-04-02},
  url = {https://data-flair.training/blogs/how-iot-works/}
}

@online{dversity16,
  title = {A Brief History of the Internet of Things},
  organization = {Dataversity},
  date = {2016},
  urldate = {2020-04-02},
  url = {https://www.dataversity.net/brief-history-internet-things/#}
}

@article{2,
  author = {Brous, Paul, dkk.},
  title = {The dual effects of the Internet of Things (IoT): A systematic review of the benefits and risks of IoT adoption by organizations},
  journal = {International Journal of Information Management},
  date = {2020},
  url = {https://www.sciencedirect.com/science/article/pii/S0268401218309022}
}
